LANGUAGE MODELS
----------------------

@article{add1_smoothing:johnson1932,
  title={PROBABILITY: THE DEDUCTIVE AND INDUCTIVE PROBLEMS},
  author={Johnson, William Ernest},
  journal={Mind},
  volume={41},
  number={164},
  pages={409--423},
  year={1932},
  publisher={Mind Assoc}
}

@article{katz_smoothing:katz1987,
  title={Estimation of probabilities from sparse data for the language model component of a speech recognizer},
  author={Katz, Slava},
  journal={IEEE transactions on acoustics, speech, and signal processing},
  volume={35},
  number={3},
  pages={400--401},
  year={1987},
  publisher={IEEE}
}

@article{absolute_discounting:ney1994,
  title={On structuring probabilistic dependences in stochastic language modelling},
  author={Ney, Hermann and Essen, Ute and Kneser, Reinhard},
  journal={Computer Speech \& Language},
  volume={8},
  number={1},
  pages={1--38},
  year={1994},
  publisher={Elsevier}
}

@inproceedings{kneser_ney_smoothing:kneser1995,
  title={Improved backing-off for m-gram language modeling},
  author={Kneser, Reinhard and Ney, Hermann},
  booktitle={Acoustics, Speech, and Signal Processing, 1995. ICASSP-95., 1995 International Conference on},
  volume={1},
  pages={181--184},
  year={1995},
  organization={IEEE}
}

@article{modified_kneser_ney:chen1999,
  author = {Chen, Stanley F. and Goodman, Joshua},
  title = {An Empirical Study of Smoothing Techniques for Language Modeling},
  journal = {Comput. Speech Lang.},
  issue_date = {October 1999},
  volume = {13},
  number = {4},
  month = oct,
  year = {1999},
  issn = {0885-2308},
  pages = {359--394},
  numpages = {36},
  url = {http://dx.doi.org/10.1006/csla.1999.0128},
  doi = {10.1006/csla.1999.0128},
  acmid = {2797017},
  publisher = {Academic Press Ltd.},
  address = {London, UK, UK},
}

@inproceedings{rnn_lm:mikolov2010,
  title={Recurrent neural network based language model.},
  author={Mikolov, Tomas and Karafi{\'a}t, Martin and Burget, Lukas and Cernock{\`y}, Jan and Khudanpur, Sanjeev},
  booktitle={Interspeech},
  volume={2},
  pages={3},
  year={2010}
}

@article{gru:cho2014,
  title={Learning phrase representations using RNN encoder-decoder for statistical machine translation},
  author={Cho, Kyunghyun and Van Merri{\"e}nboer, Bart and Gulcehre, Caglar and Bahdanau, Dzmitry and Bougares, Fethi and Schwenk, Holger and Bengio, Yoshua},
  journal={arXiv preprint arXiv:1406.1078},
  year={2014}
}

@article{lstm:hochreiter1997,
  title={Long short-term memory},
  author={Hochreiter, Sepp and Schmidhuber, J{\"u}rgen},
  journal={Neural computation},
  volume={9},
  number={8},
  pages={1735--1780},
  year={1997},
  publisher={MIT Press}
}

DATASETS:
----------------------

@article{1bw:chelba2013,
  title={One billion word benchmark for measuring progress in statistical language modeling},
  author={Chelba, Ciprian and Mikolov, Tomas and Schuster, Mike and Ge, Qi and Brants, Thorsten and Koehn, Phillipp and Robinson, Tony},
  journal={arXiv preprint arXiv:1312.3005},
  year={2013}
}

@inproceedings{clc:yannakoudakis2011,
  title={A new dataset and method for automatically grading ESOL texts},
  author={Yannakoudakis, Helen and Briscoe, Ted and Medlock, Ben},
  booktitle={Proceedings of the 49th Annual Meeting of the Association for Computational Linguistics: Human Language Technologies-Volume 1},
  pages={180--189},
  year={2011},
  organization={Association for Computational Linguistics}
}
